@article{blandinoeffetto2016,
  author = {Blandino, M. and Testa, G. and Quaglini, L. and Reyneri, A.},
  title = {Effetto Della Densità Colturale e Dell'Applicazione di Fungicidi Sulla Produzione e la Qualità del Mais da Granella e da Trinciato},
  year = {2016},
  address = {Rome, Italy},
  publisher = {ITA}
}

@article{10287390,
  author = {Lu, D. and Ye, J. and Wang, Y. and Yu, Z.},
  title = {Plant Detection and Counting: Enhancing Precision Agriculture in UAV and General Scenes},
  journal = {IEEE Access},
  year = {2023},
  volume = {11},
  pages = {116196--116205},
  doi = {10.1109/ACCESS.2023.3325747}
}

@article{Saatkamp2019AResearchAF,
  author = {Saatkamp, A. and Cochrane, A. and Commander, L. and Guja, L. and Jimenez-Alfaro, B. and Larson, J. and Nicotra, A. and Poschlod, P. and Silveira, F.A.O. and Cross, A. and others},
  title = {A research agenda for seed-trait functional ecology},
  journal = {New Phytol.},
  year = {2019},
  volume = {221},
  pages = {1764--1775},
  doi = {10.1111/nph.15502}
}

@article{rs13051030,
  author = {De Petris, S. and Sarvia, F. and Gullino, M. and Tarantino, E. and Borgogno-Mondino, E.},
  title = {Sentinel-1 Polarimetry to Map Apple Orchard Damage after a Storm},
  journal = {Remote Sens.},
  year = {2021},
  volume = {13},
  pages = {1030},
  doi = {10.3390/rs13051030}
}

@article{PP13332024,
  author = {{PP}},
  title = {Adoption of Digital Technology for Data Generation for the Efficacy Evaluation of Plant Protection Products},
  journal = {EPPO Bull.},
  year = {2025},
  volume = {55},
  pages = {14--19},
  doi = {10.1111/epp.13037}
}

@article{zouMaizeTasselsDetection2020,
  author = {Zou, H. and Lu, H. and Li, Y. and Liu, L. and Cao, Z.},
  title = {Maize Tassels Detection: A Benchmark of the State of the Art},
  journal = {Plant Methods},
  year = {2020},
  volume = {16},
  pages = {108},
  doi = {10.1186/s13007-020-00651-z}
}

@article{linMicrosoftCOCOCommon2015,
  author = {Lin, T.Y. and Maire, M. and Belongie, S. and Bourdev, L. and Girshick, R. and Hays, J. and Perona, P. and Ramanan, D. and Zitnick, C.L. and Dollár, P.},
  title = {Microsoft COCO: Common Objects in Context},
  journal = {arXiv},
  year = {2015},
  note = {arXiv:1405.0312},
  doi = {10.48550/arXiv.1405.0312}
}

@book{krausPhotogrammetryGeometryImages2011,
  author = {Kraus, K.},
  title = {Photogrammetry: Geometry from Images and Laser Scans},
  publisher = {De Gruyter},
  address = {Berlin, Germany},
  year = {2011},
  doi = {10.1515/9783110892871}
}

@article{pugh_comparison_2021,
  author = {Pugh, N.A. and Thorp, K.R. and Gonzalez, E.M. and Elshikha, D.E.M. and Pauli, D.},
  title = {Comparison of image georeferencing strategies for agricultural applications of small unoccupied aircraft systems},
  journal = {Plant Phenome J.},
  year = {2021},
  volume = {4},
  pages = {e20026},
  doi = {10.1002/ppj2.20026}
}

@article{dhonju_web_2023,
  author = {Dhonju, H.K. and Walsh, K.B. and Bhattarai, T.},
  title = {Web Mapping for Farm Management Information Systems: A Review and Australian Orchard Case Study},
  journal = {Agronomy},
  year = {2023},
  volume = {13},
  pages = {2563},
  doi = {10.3390/agronomy13102563}
}

@article{habib_automated_2016,
  author = {Habib, A. and Han, Y. and Xiong, W. and He, F. and Zhang, Z. and Crawford, M.},
  title = {Automated Ortho-Rectification of UAV-Based Hyperspectral Data over an Agricultural Field Using Frame RGB Imagery},
  journal = {Remote Sens.},
  year = {2016},
  volume = {8},
  pages = {796},
  doi = {10.3390/rs8100796}
}

@article{de_petris_rpas-based_2020,
  author = {De Petris, S. and Sarvia, F. and Borgogno-Mondino, E.},
  title = {RPAS-based photogrammetry to support tree stability assessment: Longing for precision arboriculture},
  journal = {Urban For. Urban Green.},
  year = {2020},
  volume = {55},
  pages = {126862},
  doi = {10.1016/j.ufug.2020.126862}
}

@article{zhang_georeferencing_2022,
  author = {Zhang, S. and Barrett, H.A. and Baros, S.V. and Neville, P.R.H. and Talasila, S. and Sinclair, L.L.},
  title = {Georeferencing Accuracy Assessment of Historical Aerial Photos Using a Custom-Built Online Georeferencing Tool},
  journal = {ISPRS Int. J. Geo-Inf.},
  year = {2022},
  volume = {11},
  pages = {582},
  doi = {10.3390/ijgi11120582}
}

@article{farjon_deep-learning-based_2023,
  author = {Farjon, G. and Huijun, L. and Edan, Y.},
  title = {Deep-learning-based counting methods, datasets, and applications in agriculture: A review},
  journal = {Precis. Agric.},
  year = {2023},
  volume = {24},
  pages = {1683--1711},
  doi = {10.1007/s11119-023-10034-8}
}

@article{meierBBCHSystemCoding2009,
  author = {Meier, U. and Bleiholder, H. and Buhr, L. and Feller, C. and Hack, H. and Heß, M. and Lancashire, P.D. and Schnock, U. and Stauß, R. and van den Boom, T. and others},
  title = {The BBCH System to Coding the Phenological Growth Stages of Plants-History and Publications},
  journal = {J. Für Kult.},
  year = {2009},
  volume = {61},
  pages = {41--52},
  doi = {10.5073/JfK.2009.02.01}
}

@article{davidPlantDetectionCounting2021,
  author = {David, E. and Daubige, G. and Joudelat, F. and Burger, P. and Comar, A. and de Solan, B. and Baret, F.},
  title = {Plant Detection and Counting from High-Resolution RGB Images Acquired from UAVs: Comparison between Deep-Learning and Handcrafted Methods with Application to Maize, Sugar Beet, and Sunflower},
  journal = {bioRxiv},
  year = {2021},
  doi = {10.1101/2021.04.27.441631}
}

@article{liuIntegrateNetDeepLearning2022,
  author = {Liu, W. and Zhou, J. and Wang, B. and Costa, M. and Kaeppler, S.M. and Zhang, Z.},
  title = {IntegrateNet: A Deep Learning Network for Maize Stand Counting From UAV Imagery by Integrating Density and Local Count Maps},
  journal = {IEEE Geosci. Remote Sens. Lett.},
  year = {2022},
  volume = {19},
  pages = {6512605},
  doi = {10.1109/LGRS.2022.3186544}
}

@misc{Maize_seedingDatasetOverview,
  title = {Maize\_seeding Dataset $>$ Overview},
  howpublished = {\url{https://universe.roboflow.com/objectdetection-hytat/maize\_seeding}},
  note = {accessed on 20 June 2025}
}

@misc{MaizeseedlingdetectionDatasetOverview,
  title = {Maize-Seedling-Detection Dataset $>$ Overview},
  howpublished = {\url{https://universe.roboflow.com/fyxdds-icloud-com/maize-seedling-detection}},
  note = {accessed on 20 June 2025}
}

@book{fao2024,
  author = {FAO},
  title = {Agricultural Production Statistics 2010--2023},
  publisher = {FAOSTAT},
  address = {Rome, Italy},
  year = {2024}
}

@article{torres-sanchez_early_2021,
  author = {Torres-Sánchez, J. and Mesas-Carrascosa, F.J. and Jiménez-Brenes, F.M. and de Castro, A.I. and López-Granados, F.},
  title = {Early Detection of Broad-Leaved and Grass Weeds in Wide Row Crops Using Artificial Neural Networks and UAV Imagery},
  journal = {Agronomy},
  year = {2021},
  volume = {11},
  pages = {749},
  doi = {10.3390/agronomy11040749}
}

@article{zhang2020cut,
  author = {Zhang, Z. and Cao, R. and Peng, C. and Liu, R. and Sun, Y. and Zhang, M. and Li, H.},
  title = {Cut-edge detection method for rice harvesting based on machine vision},
  journal = {Agronomy},
  year = {2020},
  volume = {10},
  pages = {590},
  doi = {10.3390/agronomy10040590}
}

@article{garcia-martinezDigitalCountCorn2020,
  author = {García-Martínez, H. and Flores-Magdaleno, H. and Khalil-Gardezi, A. and Ascencio-Hernández, R. and Tijerina-Chávez, L. and Vázquez-Peña, M.A. and Mancilla-Villa, O.R.},
  title = {Digital Count of Corn Plants Using Images Taken by Unmanned Aerial Vehicles and Cross Correlation of Templates},
  journal = {Agronomy},
  year = {2020},
  volume = {10},
  pages = {469},
  doi = {10.3390/agronomy10040469}
}

@article{lecunDeepLearning2015,
  author = {LeCun, Y. and Bengio, Y. and Hinton, G.},
  title = {Deep Learning},
  journal = {Nature},
  year = {2015},
  volume = {521},
  pages = {436--444},
  doi = {10.1038/nature14539}
}

@misc{FasterRCNNRealTime,
  title = {Faster R-CNN: Towards Real-Time Object Detection with Region Proposal Networks},
  howpublished = {\url{https://ieeexplore-ieee-org.bibliopass.unito.it/document/7485869}},
  note = {accessed on 20 June 2025}
}

@misc{YouOnlyLook,
  title = {You Only Look Once: Unified, Real-Time Object Detection},
  howpublished = {\url{https://ieeexplore-ieee-org.bibliopass.unito.it/document/7780460}},
  note = {accessed on 20 June 2025}
}

@inproceedings{vaswaniAttentionAllYou2017,
  author = {Vaswani, A. and Shazeer, N. and Parmar, N. and Uszkoreit, J. and Jones, L. and Gomez, A.N. and Kaiser, Ł. and Polosukhin, I.},
  title = {Attention Is All You Need},
  booktitle = {Proceedings of the 31st International Conference on Neural Information Processing Systems},
  year = {2017},
  pages = {6000--6010},
  address = {Long Beach, CA, USA}
}

@article{carionEndtoEndObjectDetection2020,
  author = {Carion, N. and Massa, F. and Synnaeve, G. and Usunier, N. and Kirillov, A. and Zagoruyko, S.},
  title = {End-to-End Object Detection with Transformers},
  journal = {arXiv},
  year = {2020},
  note = {arXiv:2005.12872},
  doi = {10.48550/arXiv.2005.12872}
}

@article{dosovitskiyImageWorth16x162021,
  author = {Dosovitskiy, A. and Beyer, L. and Kolesnikov, A. and Weissenborn, D. and Zhai, X. and Unterthiner, T. and Dehghani, M. and Minderer, M. and Heigold, G. and Gelly, S. and others},
  title = {An Image Is Worth 16x16 Words: Transformers for Image Recognition at Scale},
  journal = {arXiv},
  year = {2021},
  note = {arXiv:2010.11929},
  doi = {10.48550/arXiv.2010.11929}
}

@article{14090575ImageNetLarge,
  author = {Russakovsky, O. and Deng, J. and Su, H. and Krause, J. and Satheesh, S. and Ma, S. and Fei-Fei, L.},
  title = {ImageNet Large Scale Visual Recognition Challenge},
  journal = {Int. J. Comput. Vis.},
  year = {2014},
  volume = {115},
  pages = {211--252},
  doi = {10.1007/s11263-015-0816-y}
}

@inproceedings{zongDETRsCollaborativeHybrid2023,
  author = {Zong, Z. and Song, G. and Liu, Y.},
  title = {DETRs with Collaborative Hybrid Assignments Training},
  booktitle = {Proceedings of the 2023 IEEE/CVF International Conference on Computer Vision (ICCV)},
  year = {2023},
  pages = {6725--6735},
  address = {Paris, France},
  doi = {10.1109/ICCV51070.2023.00621}
}

@article{khanSurveyVisionTransformers2023,
  author = {Khan, A. and Rauf, Z. and Sohail, A. and Khan, A.R. and Asif, H. and Asif, A. and Farooq, U.},
  title = {A Survey of the Vision Transformers and Their CNN-transformer Based Variants},
  journal = {Artif. Intell. Rev.},
  year = {2023},
  volume = {56},
  pages = {2917--2970},
  doi = {10.1007/s10462-023-10595-0}
}

@article{badgujarAgriculturalObjectDetection2024,
  author = {Badgujar, C.M. and Poulose, A. and Gan, H.},
  title = {Agricultural Object Detection with You Only Look Once (YOLO) Algorithm: A Bibliometric and Systematic Literature Review},
  journal = {Comput. Electron. Agric.},
  year = {2024},
  volume = {223},
  pages = {109090},
  doi = {10.1016/j.compag.2024.109090}
}

@article{rekavandiTransformersSmallObject2023,
  author = {Rekavandi, A.M. and Rashidi, S. and Boussaid, F. and Hoefs, S. and Akbas, E. and Bennamoun, M.},
  title = {Transformers in Small Object Detection: A Benchmark and Survey of State-of-the-Art},
  journal = {arXiv},
  year = {2023},
  note = {arXiv:2309.04902},
  doi = {10.48550/arXiv.2309.04902}
}

@article{liTransformerObjectDetection2023,
  author = {Li, Y. and Miao, N. and Ma, L. and Shuang, F. and Huang, X.},
  title = {Transformer for Object Detection: Review and Benchmark},
  journal = {Eng. Appl. Artif. Intell.},
  year = {2023},
  volume = {126},
  pages = {107021},
  doi = {10.1016/j.engappai.2023.107021}
}

@article{zhaoDETRsBeatYOLOs2024,
  author = {Zhao, Y. and Lv, W. and Xu, S. and Wei, J. and Wang, G. and Dang, Q. and Liu, Y. and Chen, J.},
  title = {DETRs Beat YOLOs on Real-time Object Detection},
  journal = {arXiv},
  year = {2024},
  note = {arXiv:2304.08069},
  doi = {10.48550/arXiv.2304.08069}
}

@article{khanamYOLOv11OverviewKey2024,
  author = {Khanam, R. and Hussain, M.},
  title = {YOLOv11: An Overview of the Key Architectural Enhancements},
  journal = {arXiv},
  year = {2024},
  note = {arXiv:2410.17725},
  doi = {10.48550/arXiv.2410.17725}
}

@article{liMetaSGDLearningLearn2017,
  author = {Li, Z. and Zhou, F. and Chen, F. and Li, H.},
  title = {Meta-SGD: Learning to Learn Quickly for Few-Shot Learning},
  journal = {arXiv},
  year = {2017},
  note = {arXiv:1707.09835},
  doi = {10.48550/arXiv.1707.09835}
}

@inproceedings{bansalZeroShotObjectDetection2018,
  author = {Bansal, A. and Sikka, K. and Sharma, G. and Chellappa, R. and Divakaran, A.},
  title = {Zero-Shot Object Detection},
  booktitle = {Proceedings of the European Conference on Computer Vision (ECCV)},
  year = {2018},
  pages = {384--400},
  address = {Munich, Germany}
}

@article{kangFewshotObjectDetection2019,
  author = {Kang, B. and Liu, Z. and Wang, X. and Yu, F. and Feng, J. and Darrell, T.},
  title = {Few-Shot Object Detection via Feature Reweighting},
  journal = {arXiv},
  year = {2019},
  note = {arXiv:1812.01866},
  doi = {10.48550/arXiv.1812.01866}
}

@article{mindererScalingOpenVocabularyObject2023,
  author = {Minderer, M. and Gritsenko, A. and Houlsby, N.},
  title = {Scaling Open-Vocabulary Object Detection},
  journal = {Adv. Neural Inf. Process. Syst.},
  year = {2023},
  volume = {36},
  pages = {72983--73007}
}

@inproceedings{liuGroundingDINOMarrying2025,
  author = {Liu, S. and Zeng, Z. and Ren, T. and Li, F. and Zhang, H. and Yang, J. and Jiang, Q. and Li, C. and Yang, J. and Su, H. and others},
  title = {Grounding DINO: Marrying DINO with Grounded Pre-training for Open-Set Object Detection},
  booktitle = {Proceedings of the Computer Vision---ECCV 2024},
  year = {2025},
  pages = {38--55},
  address = {Milan, Italy},
  publisher = {Springer},
  doi = {10.1007/978-3-031-72970-6_3}
}

@article{karamiAutomaticPlantCounting2020,
  author = {Karami, A. and Crawford, M. and Delp, E.J.},
  title = {Automatic Plant Counting and Location Based on a Few-Shot Learning Technique},
  journal = {IEEE J. Sel. Top. Appl. Earth Obs. Remote Sens.},
  year = {2020},
  volume = {13},
  pages = {5872--5886},
  doi = {10.1109/JSTARS.2020.3025790}
}

@inproceedings{wangAdvancingImageRecognition2024,
  author = {Wang, D. and Parthasarathy, R. and Pan, X.},
  title = {Advancing Image Recognition: Towards Lightweight Few-shot Learning Model for Maize Seedling Detection},
  booktitle = {Proceedings of the 2024 International Conference on Smart City and Information System},
  year = {2024},
  pages = {635--639},
  address = {Kuala Lumpur, Malaysia},
  doi = {10.1145/3685088.3685198}
}

@article{barretoAutomaticUAVbasedCounting2021,
  author = {Barreto, A. and Lottes, P. and Ispizua Yamati, F.R. and Baumgarten, S. and Wolf, N.A. and Stachniss, C. and Mahlein, A.K. and Paulus, S.},
  title = {Automatic UAV-based Counting of Seedlings in Sugar-Beet Field and Extension to Maize and Strawberry},
  journal = {Comput. Electron. Agric.},
  year = {2021},
  volume = {191},
  pages = {106493},
  doi = {10.1016/j.compag.2021.106493}
}

@article{kitanoCornPlantCounting2019,
  author = {Kitano, B.T. and Mendes, C.C.T. and Geus, A.R. and Oliveira, H.C. and Souza, J.R.},
  title = {Corn Plant Counting Using Deep Learning and UAV Images},
  journal = {IEEE Geosci. Remote Sens. Lett.},
  year = {2019},
  volume = {16},
  pages = {1--5},
  doi = {10.1109/LGRS.2019.2930549}
}

@article{andvaagCountingCanolaGeneralizable2024,
  author = {Andvaag, E. and Krys, K. and Shirtliffe, S.J. and Stavness, I.},
  title = {Counting Canola: Toward Generalizable Aerial Plant Detection Models},
  journal = {Plant Phenomics},
  year = {2024},
  volume = {6},
  pages = {0268},
  doi = {10.34133/plantphenomics.0268}
}

@article{sunRevisitingUnreasonableEffectiveness2017,
  author = {Sun, C. and Shrivastava, A. and Singh, S. and Gupta, A.},
  title = {Revisiting Unreasonable Effectiveness of Data in Deep Learning Era},
  journal = {arXiv},
  year = {2017},
  note = {arXiv:1707.02968},
  doi = {10.48550/arXiv.1707.02968}
}

@inproceedings{alhazmiEffectsAnnotationQuality2021,
  author = {Alhazmi, K. and Alsumari, W. and Seppo, I. and Podkuiko, L. and Simon, M.},
  title = {Effects of Annotation Quality on Model Performance},
  booktitle = {Proceedings of the 2021 International Conference on Artificial Intelligence in Information and Communication (ICAIIC)},
  year = {2021},
  pages = {063--067},
  address = {Jeju Island, Republic of Korea},
  doi = {10.1109/ICAIIC51459.2021.9415271}
}

@article{hestnessDeepLearningScaling2017,
  author = {Hestness, J. and Narang, S. and Ardalani, N. and Diamos, G. and Jun, H. and Kianinejad, H. and Patwary, M.M.A. and Yang, Y. and Zhou, Y.},
  title = {Deep Learning Scaling Is Predictable, Empirically},
  journal = {arXiv},
  year = {2017},
  note = {arXiv:1712.00409},
  doi = {10.48550/arXiv.1712.00409}
}

@inproceedings{mahmoodHowMuchMore2022,
  author = {Mahmood, R. and Lucas, J. and Acuna, D. and Li, D. and Philion, J. and Alvarez, J.M. and Yu, Z. and Fidler, S. and Law, M.T.},
  title = {How Much More Data Do I Need? Estimating Requirements for Downstream Tasks},
  booktitle = {Proceedings of the 2022 IEEE/CVF Conference on Computer Vision and Pattern Recognition (CVPR)},
  year = {2022},
  pages = {275--284},
  address = {New Orleans, LA, USA},
  doi = {10.1109/CVPR52688.2022.00037}
}

@article{nguyenEvaluationDeepLearning2020,
  author = {Nguyen, N.D. and Do, T. and Ngo, T.D. and Le, D.D. and Valenti, C.F.},
  title = {An Evaluation of Deep Learning Methods for Small Object Detection},
  journal = {JECE},
  year = {2020},
  volume = {2020},
  pages = {8856387},
  doi = {10.1155/2020/3189691}
}

@inproceedings{duSpineNetLearningScalePermuted2020,
  author = {Du, X. and Lin, T.Y. and Jin, P. and Ghiasi, G. and Tan, M. and Cui, Y. and Le, Q.V. and Song, X.},
  title = {SpineNet: Learning Scale-Permuted Backbone for Recognition and Localization},
  booktitle = {Proceedings of the IEEE/CVF Conference on Computer Vision and Pattern Recognition},
  year = {2020},
  pages = {11592--11601},
  address = {Seattle, WA, USA}
}

@article{shortenSurveyImageData2019,
  author = {Shorten, C. and Khoshgoftaar, T.M.},
  title = {A Survey on Image Data Augmentation for Deep Learning},
  journal = {J. Big Data},
  year = {2019},
  volume = {6},
  pages = {60},
  doi = {10.1186/s40537-019-0197-0}
}

@article{liuEstimatingMaizeSeedling2022,
  author = {Liu, S. and Yin, D. and Feng, H. and Li, Z. and Xu, X. and Shi, L. and Jin, X.},
  title = {Estimating Maize Seedling Number with UAV RGB Images and Advanced Image Processing Methods},
  journal = {Precis. Agric.},
  year = {2022},
  volume = {23},
  pages = {1604--1632},
  doi = {10.1007/s11119-022-09899-y}
}

@article{velumaniEstimatesMaizePlant2021,
  author = {Velumani, K. and Lopez-Lozano, R. and Madec, S. and Guo, W. and Gillet, J. and Comar, A. and Baret, F.},
  title = {Estimates of Maize Plant Density from UAV RGB Images Using Faster-RCNN Detection Model: Impact of the Spatial Resolution},
  journal = {Plant Phenomics},
  year = {2021},
  volume = {2021},
  pages = {9824843},
  doi = {10.34133/2021/9824843}
}

@misc{bumbaca202515235602,
  author = {Bumbaca, S.},
  title = {The Original Dataset for the Paper ``On the minimum dataset requirements for fine-tuning an object detector for arable crop plant counting: A case study on maize seedlings''},
  publisher = {Zenodo},
  year = {2025},
  doi = {10.5281/zenodo.15235602}
}

@inproceedings{krizhevskyImageNetClassificationDeep2012,
  author = {Krizhevsky, A. and Sutskever, I. and Hinton, G.E.},
  title = {ImageNet Classification with Deep Convolutional Neural Networks},
  booktitle = {Advances in Neural Information Processing Systems},
  year = {2012},
  volume = {25},
  publisher = {Curran Associates, Inc.},
  address = {Nice, France}
}

@incollection{fischlerRandomSampleConsensus1987,
  author = {Fischler, M.A. and Bolles, R.C.},
  title = {Random Sample Consensus: A Paradigm for Model Fitting with Applications to Image Analysis and Automated Cartography},
  booktitle = {Readings in Computer Vision},
  publisher = {Morgan Kaufmann},
  address = {San Francisco, CA, USA},
  year = {1987},
  pages = {726--740},
  doi = {10.1016/B978-0-08-051581-6.50070-2}
}

@article{tervenComprehensiveReviewYOLO2023,
  author = {Terven, J. and Córdova-Esparza, D.M. and Romero-González, J.A.},
  title = {A Comprehensive Review of YOLO Architectures in Computer Vision: From YOLOv1 to YOLOv8 and YOLO-NAS},
  journal = {Mach. Learn. Knowl. Extr.},
  year = {2023},
  volume = {5},
  pages = {1680--1716},
  doi = {10.3390/make5040083}
}

@misc{jocherGitHubUltralyticsYOLO2023,
  author = {Jocher, G. and Qiu, J. and Chaurasia, A.},
  title = {GitHub Ultralytics YOLO},
  year = {2023},
  howpublished = {\url{https://github.com/ultralytics/ultralytics}},
  note = {accessed on 16 April 2025}
}

@article{oquabDINOv2LearningRobust2024,
  author = {Oquab, M. and Darcet, T. and Moutakanni, T. and Vo, H. and Szafraniec, M. and Khalidov, V. and Fernandez, P. and Haziza, D. and Massa, F. and El-Nouby, A. and others},
  title = {DINOv2: Learning Robust Visual Features without Supervision},
  journal = {arXiv},
  year = {2024},
  note = {arXiv:2304.07193},
  doi = {10.48550/arXiv.2304.07193}
}

@article{fuCrossDomainFewShotObject2024,
  author = {Fu, Y. and Wang, Y. and Pan, Y. and Huai, L. and Qiu, X. and Shangguan, Z. and Liu, T. and Fu, Y. and Gool, L.V. and Jiang, X.},
  title = {Cross-Domain Few-Shot Object Detection via Enhanced Open-Set Object Detector},
  journal = {arXiv},
  year = {2024},
  note = {arXiv:2402.03094},
  doi = {10.48550/arXiv.2402.03094}
}

@inproceedings{wolfTransformersStateoftheArtNatural2020,
  author = {Wolf, T. and Debut, L. and Sanh, V. and Chaumond, J. and Delangue, C. and Moi, A. and Cistac, P. and Rault, T. and Louf, R. and Funtowicz, M. and others},
  title = {Transformers: State-of-the-Art Natural Language Processing},
  booktitle = {Proceedings of the 2020 Conference on Empirical Methods in Natural Language Processing: System Demonstrations},
  year = {2020},
  pages = {38--45},
  address = {Online}
}

@article{zhu_harnessing_2024,
  author = {Zhu, H. and Qin, S. and Su, M. and Lin, C. and Li, A. and Gao, J.},
  title = {Harnessing Large Vision and Language Models in Agriculture: A Review},
  journal = {arXiv},
  year = {2024},
  note = {arXiv:2407.19679},
  doi = {10.48550/arXiv.2407.19679}
}

@article{s24186109,
  author = {Zhou, Y. and Yan, H. and Ding, K. and Cai, T. and Zhang, Y.},
  title = {Few-Shot Image Classification of Crop Diseases Based on Vision–Language Models},
  journal = {Sensors},
  year = {2024},
  volume = {24},
  pages = {6109},
  doi = {10.3390/s24186109}
}

@article{chen_taskclip_2024,
  author = {Chen, H. and Huang, W. and Ni, Y. and Yun, S. and Liu, Y. and Wen, F. and Velasquez, A. and Latapie, H. and Imani, M.},
  title = {TaskCLIP: Extend Large Vision-Language Model for Task Oriented Object Detection},
  journal = {arXiv},
  year = {2024},
  note = {arXiv:2403.08108},
  doi = {10.48550/arXiv.2403.08108}
}

@article{chicco_coefficient_2021,
  author = {Chicco, D. and Warrens, M.J. and Jurman, G.},
  title = {The coefficient of determination R-squared is more informative than SMAPE, MAE, MAPE, MSE and RMSE in regression analysis evaluation},
  journal = {PeerJ Comput. Sci.},
  year = {2021},
  volume = {7},
  pages = {e623},
  doi = {10.7717/peerj-cs.623}
}

@book{draper1998applied,
  author = {Draper, N.R. and Smith, H.},
  title = {Applied Regression Analysis},
  publisher = {John Wiley \& Sons},
  address = {Hoboken, NJ, USA},
  year = {1998},
  volume = {326}
}

@article{ARMSTRONG199269,
  author = {Armstrong, J. and Collopy, F.},
  title = {Error measures for generalizing about forecasting methods: Empirical comparisons},
  journal = {Int. J. Forecast.},
  year = {1992},
  volume = {8},
  pages = {69--80},
  doi = {10.1016/0169-2070(92)90008-W}
}

@article{everingham_pascal_2010,
  author = {Everingham, M. and Van Gool, L. and Williams, C.K.I. and Winn, J. and Zisserman, A.},
  title = {The Pascal Visual Object Classes (VOC) Challenge},
  journal = {Int. J. Comput. Vis.},
  year = {2010},
  volume = {88},
  pages = {303--338},
  doi = {10.1007/s11263-009-0275-4}
}

@article{vianna_analysis_2024,
  author = {Vianna, L.S. and Gonçalves, A.L. and Souza, J.A.},
  title = {Analysis of learning curves in predictive modeling using exponential curve fitting with an asymptotic approach},
  journal = {PLoS ONE},
  year = {2024},
  volume = {19},
  pages = {e0299811},
  doi = {10.1371/journal.pone.0299811}
}

@inproceedings{akyonSlicingAidedHyper2022,
  author = {Akyon, F.C. and Altinuc, S.O. and Temizel, A.},
  title = {Slicing Aided Hyper Inference and Fine-tuning for Small Object Detection},
  booktitle = {Proceedings of the 2022 IEEE International Conference on Image Processing (ICIP)},
  year = {2022},
  pages = {966--970},
  address = {Bordeaux, France},
  doi = {10.1109/ICIP46576.2022.9897990}
}

@article{xuDeViTDecomposingVision2023,
  author = {Xu, G. and Hao, Z. and Luo, Y. and Hu, H. and An, J. and Mao, S.},
  title = {DeViT: Decomposing Vision Transformers for Collaborative Inference in Edge Devices},
  journal = {arXiv},
  year = {2023},
  note = {arXiv:2309.05015},
  doi = {10.1109/TMC.2023.3315138}
}

@inproceedings{wuOptimizingConnectedComponent2005,
  author = {Wu, K. and Otoo, E. and Shoshani, A.},
  title = {Optimizing Connected Component Labeling Algorithms},
  booktitle = {Proceedings of the Medical Imaging 2005: Image Processing},
  year = {2005},
  address = {San Diego, CA, USA}
}
